<record><leader>00000cas a22000007a 4500</leader><controlfield tag="001">26044206</controlfield><controlfield tag="008">920618d19731975riuwr ne      0    0eng d</controlfield><datafield ind1=" " ind2=" " tag="010"><subfield code="a">sn 92064122 </subfield></datafield><datafield ind1=" " ind2=" " tag="040"><subfield code="a">RHN</subfield><subfield code="b">eng</subfield><subfield code="c">RHN</subfield><subfield code="d">OCLCQ</subfield></datafield><datafield ind1=" " ind2=" " tag="042"><subfield code="a">msc</subfield></datafield><datafield ind1="0" ind2="0" tag="245"><subfield code="a">Cranston today.</subfield></datafield><datafield ind1=" " ind2=" " tag="260"><subfield code="a">Cranston, R.I. :</subfield><subfield code="b">Southern Rhode Island Publications</subfield></datafield><datafield ind1=" " ind2=" " tag="300"><subfield code="a">v.</subfield></datafield><datafield ind1=" " ind2=" " tag="310"><subfield code="a">Weekly</subfield></datafield><datafield ind1="0" ind2=" " tag="362"><subfield code="a">Vol. 1, no. 42 (Mar. 14, 1973)-v. 4, no. 7 (Sept. 10, 1975).</subfield></datafield><datafield ind1=" " ind2="4" tag="651"><subfield code="a">Cranston (R.I.)</subfield><subfield code="v">Newspapers.</subfield></datafield><datafield ind1=" " ind2=" " tag="752"><subfield code="a">United States</subfield><subfield code="b">Rhode Island</subfield><subfield code="c">Providence</subfield><subfield code="d">Cranston.</subfield></datafield><datafield ind1="0" ind2="0" tag="780"><subfield code="t">Cranston today and the shopping list</subfield><subfield code="w">(DLC)sn 93066897</subfield></datafield><datafield ind1="0" ind2="7" tag="785"><subfield code="t">Cranston herald (Cranston, R.I. : 1940)</subfield><subfield code="w">(DLC)sn 92064121</subfield></datafield><datafield ind1="0" ind2="7" tag="785"><subfield code="t">Cranston herald-today</subfield><subfield code="w">(DLC)sn 92064123</subfield></datafield><datafield ind1="1" ind2=" " tag="029"><subfield code="a">AU@</subfield><subfield code="b">000020713519</subfield></datafield></record>